@incollection{ProcedureSummaries,
	year={2014},
	booktitle={Graph Transformation},
	volume={8571},
	series={Lecture Notes in Computer Science},
	editor={Giese, Holger and König, Barbara},
	title={Generating Abstract Graph-Based Procedure Summaries for Pointer
		Programs},
	publisher={Springer International Publishing},
	author={Jansen, Christina and Noll, Thomas},
	pages={49-64},
},
@incollection{LocalGreibachNormalForm,
	year={2011},
	booktitle={Language and Automata Theory and Applications},
	volume={6638},
	series={Lecture Notes in Computer Science},
	editor={Dediu, Adrian-Horia and Inenaga, Shunsuke and Martín-Vide, Carlos},
	title={A Local Greibach Normal Form for Hyperedge Replacement Grammars},
	publisher={Springer Berlin Heidelberg},
	author={Jansen, Christina and Heinen, Jonathan and Katoen, Joost-Pieter and
		Noll, Thomas},
	pages={323-335},
},
@incollection{InductivePredicates,
	year={2014},
	booktitle={Graph Transformation},
	volume={8571},
	series={Lecture Notes in Computer Science},
	editor={Giese, Holger and König, Barbara},
	title={Generating Inductive Predicates for Symbolic Execution of
		Pointer-Manipulating Programs},
	publisher={Springer International Publishing},
	author={Jansen, Christina and Göbe, Florian and Noll, Thomas},
	pages={65-80},
},
@inproceedings{SeparationLogic,
	author = {Bornat, Richard and Calcagno, Cristiano and O'Hearn, Peter and
		Parkinson, Matthew},
	title = {Permission Accounting in Separation Logic},
	booktitle = {Proceedings of the 32Nd ACM SIGPLAN-SIGACT Symposium on
		Principles of Programming Languages},
	series = {POPL '05},
	year = {2005},
	pages = {259--270},
	numpages = {12},
	publisher = {ACM},
	keywords = {concurrency, logic, permissions, separation},
},
@incollection{FractionalPermissions,
	year={2013},
	booktitle={Verification, Model Checking, and Abstract Interpretation},
	volume={7737},
	series={Lecture Notes in Computer Science},
	editor={Giacobazzi, Roberto and Berdine, Josh and Mastroeni, Isabella},
	title={Abstract Read Permissions: Fractional Permissions without the
		Fractions},
	publisher={Springer Berlin Heidelberg},
	author={Heule, Stefan and Leino, K.RustanM. and Müller, Peter and Summers,
		AlexanderJ.},
	pages={315-334},
},
@book{HandbookGraphGrammars,
	editor = {Rozenberg, Grzegorz},
	title = {Handbook of Graph Grammars and Computing by Graph Transformation:
		Volume I. Foundations},
	year = {1997},
	publisher = {World Scientific Publishing Co., Inc.},
	pages = {95-156},
},
@unpublished{NollJansenDraft,
	author = {Jansen, Christina and Noll, Thomas},
	title = {Thread Modular Analysis},
	note = {Draft}
},
@inproceedings{AbstractSeparationLogic,
	author = {Calcagno, Cristiano and O'Hearn, Peter W. and Yang, Hongseok},
	title = {Local Action and Abstract Separation Logic},
	booktitle = {Proceedings of the 22Nd Annual IEEE Symposium on Logic in
		Computer Science},
	series = {LICS '07},
	year = {2007},
	pages = {366--378},
	numpages = {13},
	publisher = {IEEE Computer Society},
},
@article{InformalGraphGrammars,
	title = {Verifying Pointer Programs Using Graph Grammars }, 
	journal = {Science of Computer Programming }, 
	volume = {97, Part 1}, 
	pages = {157 - 162}, 
	year = {2015}, 
	note = {Special Issue on New Ideas and Emerging Results in Understanding
		Software }, 
	author = {Jonathan Heinen and Christina Jansen and Joost-Pieter Katoen and
		Thomas Noll}, 
},
@incollection{PrimerSeparationLogic,
	author    = {Peter W. O'Hearn},
	title     = {A Primer on Separation Logic (and Automatic Program
		Verification and Analysis)},
	booktitle = {Software Safety and Security - Tools for Analysis and
		Verification},
	pages     = {286--318},
	year      = {2012},
},
@article{LocalReasoning,
 author = {O'Hearn, Peter W.},
 title = {Resources, Concurrency, and Local Reasoning},
	journal = {Theor. Comput. Sci.},
	volume = {375},
	number = {1-3},
	year = {2007},
	pages = {271--307},
	numpages = {37},
	publisher = {Elsevier Science Publishers Ltd.},
	keywords = {Concurrency, Logics of programs, Separation logic},
},
@book{PrinciplesOfModelChecking,
	author = {Baier, Christel and Katoen, Joost-Pieter},
	title = {Principles of Model Checking (Representation and Mind Series)},
	year = {2008},
	publisher = {The MIT Press},
},
@article{Monitor,
	author = {Hoare, C. A. R.},
	title = {Monitors: An Operating System Structuring Concept},
	journal = {Commun. ACM},
	volume = {17},
	number = {10},
	year = {1974},
	pages = {549--557},
	numpages = {9},
	publisher = {ACM},
	keywords = {monitors, mutual exclusion, operating systems, scheduling, structured multiprogramming, synchronization, system implementation languages},
},
@book{Ada95,
  editor = {Taft, S. Tucker and Duff, Robert A.},
  keywords = {dblp},
  publisher = {Springer},
  series = {Lecture Notes in Computer Science},
  title = {Ada 95 Reference Manual, Language and Standard Libraries,
	  International Standard ISO/IEC 8652: 1995(E)},
},
@article{MultithreadedJavaPrograms,
	author    = {Afshin Amighi and Christian Haack and Marieke Huisman and
		Cl{\'{e}}ment Hurlin},
	title     = {Permission-Based Separation Logic for Multithreaded Java
		Programs},
	journal   = {CoRR},
	volume    = {abs/1411.0851},
	year      = {2014},
},
@article{fmsd,
	author = {Jonathan Heinen and Christina Jansen and Joost-Pieter Katoen and
		Thomas Noll},
	title = {Juggrnaut: Using Graph Grammars for Abstracting Unbounded Heap
		Structures},
	journal = {Formal Methods in System Design},
	note = {In press},
	year = {2015},
	volume = {}
},
@misc{golang,
	author = {Google},
	title = {Golang Specification},
	year = {2015},
	url = {https://golang.org/ref/spec#Introduction},
	note = {[Online; accessed 11-August-2015]}
},
@mastersthesis{thesis,
	author = {Christoph Welzel},
	title = {Thread-Modular Analysis of Heap-Manipulating Programs},
	year = {2015},
	school = {Informatik 2, RWTH Aachen},
	type = {Bachelor Thesis}
}
